@article{kumar2019doi,
  title={On Doi--Naganuma and Shimura liftings},
  author={Kumar, Balesh and Manickam, Murugesan},
  journal={The Ramanujan Journal},
  volume={48},
  number={2},
  pages={279--303},
  year={2019},
  publisher={Springer}
}

@article{doi1969functional,
  title={On the functional equation of certain Dirichlet series},
  author={Doi, Koji and Naganuma, Hidehisa},
  journal={Inventiones mathematicae},
  volume={9},
  number={1},
  pages={1--14},
  year={1969},
  publisher={Springer}
}

@article{henniart1995automorphic,
  title={Automorphic induction for $\mathrm{GL}(n)$(over local nonarchimedean fields)},
  author={Henniart, Guy and Herb, Rebecca and others},
  journal={Duke Mathematical Journal},
  volume={78},
  number={1},
  pages={131--192},
  year={1995},
  publisher={Duke University Press}
}

@book{arthur2016simple,
  title={Simple Algebras, Base Change, and the Advanced Theory of the Trace Formula.(AM-120), Volume 120},
  author={Arthur, James and Clozel, Laurent},
  year={2016},
  publisher={Princeton University Press}
}

@article{kim2003functoriality,
  title={Functoriality for the exterior square of $\mathrm{GL}(4)$ and the symmetric fourth of $\mathrm{GL}(2)$},
  author={Kim, Henry},
  journal={Journal of the American Mathematical Society},
  volume={16},
  number={1},
  pages={139--183},
  year={2003}
}

@incollection{hoffstein2011series,
  title={L-series of automorphic forms on $\mathrm{GL}(3, \mathbb{R})$},
  author={Hoffstein, Jeff and Murty, M Ram},
  booktitle={Th{\'e}orie des nombres/Number Theory},
  pages={398--408},
  year={2011},
  publisher={De Gruyter}
}

@book{bump2006automorphic,
  title={Automorphic Forms on $\mathrm{GL}(3, \mathbb{R})$},
  author={Bump, Daniel},
  volume={1083},
  year={2006},
  publisher={Springer}
}

@article{kim2002functorial,
  title={Functorial products for $\mathrm{GL}(2) \times \mathrm{GL}(3)$ and the symmetric cube for $\mathrm{GL}(2)$},
  author={Kim, Henry H and Shahidi, Freydoon},
  journal={Annals of mathematics},
  pages={837--893},
  year={2002},
  publisher={JSTOR}
}

@article{sarnak2005notes,
  title={Notes on the generalized Ramanujan conjectures},
  author={Sarnak, Peter},
  journal={Harmonic analysis, the trace formula, and Shimura varieties},
  volume={4},
  pages={659--685},
  year={2005}
}


@article{gelbart1976relation,
  title={A relation between automorphic forms on $\mathrm{GL}(2)$ and $\mathrm{GL}(3)$},
  author={Gelbart, Stephen and Jacquet, Herv{\'e}},
  journal={Proceedings of the National Academy of Sciences},
  volume={73},
  number={10},
  pages={3348--3350},
  year={1976},
  publisher={National Acad Sciences}
}

@article{martin2020basis,
  title={The basis problem revisited},
  author={Martin, Kimball},
  journal={Transactions of the American Mathematical Society},
  volume={373},
  number={7},
  pages={4523--4559},
  year={2020}
}

@article{newton2021symmetric,
  title={Symmetric power functoriality for holomorphic modular forms},
  author={Newton, James and Thorne, Jack A},
  journal={Publications math{\'e}matiques de l'IH{\'E}S},
  volume={134},
  number={1},
  pages={1--116},
  year={2021},
  publisher={Springer}
}

@article{newton2021symmetric2,
  title={Symmetric power functoriality for holomorphic modular forms II},
  author={Newton, James and Thorne, Jack A},
  journal={Publications math{\'e}matiques de l'IH{\'E}S},
  volume={134},
  number={1},
  pages={117--152},
  year={2021},
  publisher={Springer}
}

@article{sarnak1995selberg,
  title={Selbergâ€™s eigenvalue conjecture},
  author={Sarnak, Peter},
  journal={Notices of the AMS},
  volume={42},
  number={11},
  pages={1272--1277},
  year={1995}
}

@inproceedings{selberg1965estimation,
  title={On the estimation of Fourier coefficients of modular forms},
  author={Selberg, Atle},
  booktitle={Proc. Sympos. Pure Math.},
  volume={8},
  pages={1--15},
  year={1965},
  organization={Amer. Math. Soc.}
}

@article{ramakrishnan2014exercise,
  title={An exercise concerning the selfdual cusp forms on $\mathrm{GL}(3)$},
  author={Ramakrishnan, Dinakar},
  journal={Indian Journal of Pure and Applied Mathematics},
  volume={45},
  number={5},
  pages={777--785},
  year={2014},
  publisher={Springer}
}

@article{ramakrishnan2000modularity,
  title={Modularity of the Rankin-Selberg L-series, and multiplicity one for $\mathrm{SL}(2)$},
  author={Ramakrishnan, Dinakar},
  journal={Annals of Mathematics},
  pages={45--111},
  year={2000},
  publisher={JSTOR}
}

@article{labesse1979indistinguishability,
  title     = {L-indistinguishability for $\mathrm{SL}(2)$},
  author    = {Labesse, Jean-Pierre and Langlands, Robert P},
  journal   = {Canadian Journal of Mathematics},
  volume    = {31},
  number    = {4},
  pages     = {726--785},
  year      = {1979},
  publisher = {Cambridge University Press}
}

@article{shimura1973onmodular,
  title={On modular forms of half integral weights},
  author={Shimura, Goro},
  journal={Annals of Mathematics},
  pages={440--481},
  year={1973},
  publisher={JSTOR}
}

@book{bruinier20081,
  title     = {The 1-2-3 of modular forms: lectures at a summer school in Nordfjordeid, Norway},
  author    = {Bruinier, Jan Hendrik and Van der Geer, Gerard and Harder, G{\"u}nter and Zagier, Don},
  year      = {2008},
  publisher = {Springer Science \& Business Media}
}

@incollection{serre1977modular,
  title     = {Modular forms of weight 1/2},
  author    = {Serre, Jean-Pierre and Stark, Harold M},
  booktitle = {Modular functions of one variable VI},
  pages     = {27--67},
  year      = {1977},
  publisher = {Springer}
}

@misc{buzzard2013halfintegral,
  title        = {Notes on modular forms of half integral weight},
  author       = {Buzzard, Kevin},
  howpublished = {\url{https://www.ma.imperial.ac.uk/~buzzard/maths/research/notes/modular_forms_of_half_integral_weight.pdf}},
  note         = {Accessed: 2013-10-02}
}

@book{goldfeld2006automorphic,
  title     = {Automorphic forms and L-functions for the group GL (n, R)},
  author    = {Goldfeld, Dorian},
  volume    = {99},
  year      = {2006},
  publisher = {Cambridge University Press}
}

@article{shimura1975holomorphy,
  title     = {On the holomorphy of certain Dirichlet series},
  author    = {Shimura, Goro},
  journal   = {Proceedings of the London mathematical society},
  volume    = {3},
  number    = {1},
  pages     = {79--98},
  year      = {1975},
  publisher = {Wiley Online Library}
}

@article{barnet2011family,
  title   = {A family of Calabi--Yau varieties and potential automorphy II},
  author  = {Barnet-Lamb, Tom and Geraghty, David and Harris, Michael and Taylor, Richard},
  journal = {Publications of the Research Institute for Mathematical Sciences},
  volume  = {47},
  number  = {1},
  pages   = {29--98},
  year    = {2011}
}

@article{sutherland2013sato,
  title   = {Sato-Tate distributions},
  author  = {Sutherland, Andrew V},
  journal = {Analytic methods in arithmetic geometry},
  volume  = {740},
  pages   = {197--248},
  year    = {2013}
}

@article{fite2015equidistribution,
  title   = {Equidistribution, L-functions, and Sato--Tate groups},
  author  = {Fit{\'e}, Francesc},
  journal = {Contemporary Mathematics},
  volume  = {649},
  pages   = {63--88},
  year    = {2015}
}

@article{harris2010family,
  title     = {A family of Calabi-Yau varieties and potential automorphy},
  author    = {Harris, Michael and Shepherd-Barron, Nick and Taylor, Richard},
  journal   = {Annals of Mathematics},
  pages     = {779--813},
  year      = {2010},
  publisher = {JSTOR}
}

@article{fite2014sato,
  title     = {Sato--Tate distributions of twists of y2= x5- x and y2= x6+ 1},
  author    = {Fit{\'e}, Francesc and Sutherland, Andrew},
  journal   = {Algebra \& Number Theory},
  volume    = {8},
  number    = {3},
  pages     = {543--585},
  year      = {2014},
  publisher = {Mathematical Sciences Publishers}
}

@inproceedings{satake1966spherical,
  title     = {Spherical functions and Ramanujan conjecture},
  author    = {Satake, Ichir{\^o}},
  booktitle = {Proc. sympos. pure math},
  volume    = {9},
  pages     = {258--264},
  year      = {1966}
}

@article{kim2003refined,
  title   = {Refined estimates towards the Ramanujan and Selberg conjectures},
  author  = {Kim, Henry and Sarnak, Peter},
  journal = {J. Amer. Math. Soc},
  volume  = {16},
  number  = {1},
  pages   = {175--181},
  year    = {2003}
}

@article{kim1999langlands,
  title     = {Langlands-Shahidi method and poles of automorphic L-functions: application to exterior square L-functions},
  author    = {Kim, Henry H},
  journal   = {Canadian Journal of Mathematics},
  volume    = {51},
  number    = {4},
  pages     = {835--849},
  year      = {1999},
  publisher = {Cambridge University Press}
}

@article{shahidi1988ramanujan,
  title     = {On the Ramanujan conjecture and finiteness of poles for certain L-functions},
  author    = {Shahidi, Freydoon},
  journal   = {Annals of Mathematics},
  volume    = {127},
  number    = {3},
  pages     = {547--584},
  year      = {1988},
  publisher = {JSTOR}
}

@article{jacquet1981euler,
  title     = {On Euler products and the classification of automorphic representations I},
  author    = {Jacquet, Herv{\'e} and Shalika, Joseph A},
  journal   = {American Journal of Mathematics},
  volume    = {103},
  number    = {3},
  pages     = {499--558},
  year      = {1981},
  publisher = {JSTOR}
}

@article{winnie2020ramanujan,
  title     = {The Ramanujan conjecture and its applications},
  author    = {Winnie Li, Wen-Ching},
  journal   = {Philosophical Transactions of the Royal Society A},
  volume    = {378},
  number    = {2163},
  pages     = {20180441},
  year      = {2020},
  publisher = {The Royal Society Publishing}
}

@article{cohen1988q,
  title     = {q-identities for Maass waveforms},
  author    = {Cohen, Henri},
  journal   = {Inventiones mathematicae},
  volume    = {91},
  number    = {3},
  pages     = {409--422},
  year      = {1988},
  publisher = {Springer}
}

@misc{buzzard2012explicit,
  title        = {Explicit Maass forms},
  author       = {Buzzard, Kevin},
  howpublished = {\url{https://www.ma.imperial.ac.uk/~buzzard/maths/research/notes/explicit_maass_forms.pdf}},
}

@article{jacquet1979automorphic1,
  title     = {Automorphic forms on $\mathrm{GL}(3)$ I},
  author    = {Jacquet, Herv{\'e} and Piatetski-Shapiro, Ilja Iosifovitch and Shalika, Joseph},
  journal   = {Annals of Mathematics},
  volume    = {109},
  number    = {1},
  pages     = {169--212},
  year      = {1979},
  publisher = {JSTOR}
}

@article{jacquet1979automorphic2,
  title     = {Automorphic forms on $\mathrm{GL}(3)$ II},
  author    = {Jacquet, Herv{\'e} and Piatetski-Shapiro, Ilja Iosifovitch and Shalika, Joseph},
  journal   = {Annals of Mathematics},
  volume    = {109},
  number    = {2},
  pages     = {213--258},
  year      = {1979},
  publisher = {JSTOR}
}

@article{kim2002cuspidality,
  title     = {Cuspidality of symmetric powers with applications},
  author    = {Kim, Henry H and Shahidi, Freydoon},
  journal   = {Duke Mathematical Journal},
  volume    = {112},
  number    = {1},
  pages     = {177--197},
  year      = {2002},
  publisher = {Duke University Press}
}

@article{blomer2013role,
  title   = {The role of the Ramanujan conjecture in analytic number theory},
  author  = {Blomer, Valentin and Brumley, Farrell},
  journal = {Bulletin of the American Mathematical Society},
  volume  = {50},
  number  = {2},
  pages   = {267--320},
  year    = {2013}
}

@article{blomer2011ramanujan,
  title     = {On the Ramanujan conjecture over number fields},
  author    = {Blomer, Valentin and Brumley, Farrell},
  journal   = {Annals of Mathematics},
  pages     = {581--605},
  year      = {2011},
  publisher = {JSTOR}
}

@inproceedings{deligne1974formes,
  title     = {Formes modulaires de poids $1$},
  author    = {Deligne, Pierre and Serre, Jean-Pierre},
  booktitle = {Annales scientifiques de l'{\'E}cole Normale Sup{\'e}rieure},
  volume    = {7},
  pages     = {507--530},
  year      = {1974}
}

@inproceedings{deligne1971formes,
  title     = {Formes modulaires et repr{\'e}sentations $\ell$-adiques},
  author    = {Deligne, Pierre},
  booktitle = {S{\'e}minaire Bourbaki. Vol. 1968/69: Expos{\'e}s 347--363},
  year      = {1971}
}

@book{serre2012course,
  title     = {A course in arithmetic},
  author    = {Serre, Jean-Pierre},
  volume    = {7},
  year      = {2012},
  publisher = {Springer Science \& Business Media}
}

@article{eichler1955darstellbarkeit,
  title     = {{\"U}ber die Darstellbarkeit von Modulformen durch Thetareihen.},
  author    = {Eichler, Martin},
  year      = {1955},
  publisher = {Walter de Gruyter, Berlin/New York Berlin, New York}
}

@incollection{eichler1973basis,
  title     = {The basis problem for modular forms and the traces of the Hecke operators},
  author    = {Eichler, Martin},
  booktitle = {Modular functions of one variable I},
  pages     = {75--152},
  year      = {1973},
  publisher = {Springer}
}

@inproceedings{Hecke1940AnalytischeAD,
  title  = {Analytische Arithmetik der positiven quadratischen Formen},
  author = {Erich Hecke},
  year   = {1940}
}