@article {waldspurger80shimura,
    AUTHOR = {Waldspurger, J.-L.},
     TITLE = {Correspondance de {S}himura},
   JOURNAL = {J. Math. Pures Appl. (9)},
  FJOURNAL = {Journal de Math\'{e}matiques Pures et Appliqu\'{e}es.
              Neuvi\`eme S\'{e}rie},
    VOLUME = {59},
      YEAR = {1980},
    NUMBER = {1},
     PAGES = {1--132},
      ISSN = {0021-7824,1776-3371},
   MRCLASS = {10D15},
  MRNUMBER = {577010},
MRREVIEWER = {J.\ Tunnell},
}

@article {waldspurger81demientier,
    AUTHOR = {Waldspurger, J.-L.},
     TITLE = {Sur les coefficients de {F}ourier des formes modulaires de
              poids demi-entier},
   JOURNAL = {J. Math. Pures Appl. (9)},
  FJOURNAL = {Journal de Math\'{e}matiques Pures et Appliqu\'{e}es.
              Neuvi\`eme S\'{e}rie},
    VOLUME = {60},
      YEAR = {1981},
    NUMBER = {4},
     PAGES = {375--484},
      ISSN = {0021-7824,1776-3371},
   MRCLASS = {10D15 (10D24)},
  MRNUMBER = {646366},
MRREVIEWER = {A.\ N.\ Andrianov},
}



@article {waldspurger91quaternion,
    AUTHOR = {Waldspurger, Jean-Loup},
     TITLE = {Correspondances de {S}himura et quaternions},
   JOURNAL = {Forum Math.},
  FJOURNAL = {Forum Mathematicum},
    VOLUME = {3},
      YEAR = {1991},
    NUMBER = {3},
     PAGES = {219--307},
      ISSN = {0933-7741,1435-5337},
   MRCLASS = {11F70 (11F30 11F32 11F37 22E50)},
  MRNUMBER = {1103429},
MRREVIEWER = {Stephen\ Gelbart},
       DOI = {10.1515/form.1991.3.219},
       URL = {https://doi.org/10.1515/form.1991.3.219},
}

@article {waldspurger78theta,
    AUTHOR = {Waldspurger, J.-L.},
     TITLE = {Engendrement par des s\'{e}ries th\^{e}ta de certains espaces
              de formes modulaires},
   JOURNAL = {Invent. Math.},
  FJOURNAL = {Inventiones Mathematicae},
    VOLUME = {50},
      YEAR = {1978/79},
    NUMBER = {2},
     PAGES = {135--168},
      ISSN = {0020-9910,1432-1297},
   MRCLASS = {10D12},
  MRNUMBER = {517775},
MRREVIEWER = {Henri\ Cohen},
       DOI = {10.1007/BF01390287},
       URL = {https://doi.org/10.1007/BF01390287},
}

@inproceedings {waldspurger84shimura,
    AUTHOR = {Waldspurger, J.-L.},
     TITLE = {Correspondances de {S}himura},
 BOOKTITLE = {Proceedings of the {I}nternational {C}ongress of
              {M}athematicians, {V}ol. 1, 2 ({W}arsaw, 1983)},
     PAGES = {525--531},
 PUBLISHER = {PWN, Warsaw},
      YEAR = {1984},
      ISBN = {83-01-05523-5},
   MRCLASS = {11F70 (11R39)},
  MRNUMBER = {804708},
}


@incollection {howe79theta,
    AUTHOR = {Howe, R.},
     TITLE = {{$\theta $}-series and invariant theory},
 BOOKTITLE = {Automorphic forms, representations and {$L$}-functions
              ({P}roc. {S}ympos. {P}ure {M}ath., {O}regon {S}tate {U}niv.,
              {C}orvallis, {O}re., 1977), {P}art 1},
    SERIES = {Proc. Sympos. Pure Math},
    VOLUME = {XXXIII},
     PAGES = {pp 275--285},
 PUBLISHER = {Amer. Math. Soc., Providence, R.I.},
      YEAR = {1979},
   MRCLASS = {22E55 (10D40)},
  MRNUMBER = {546602},
MRREVIEWER = {A.\ B.\ Venkov},
}

@article {hps83sp4,
    AUTHOR = {Howe, Roger and Piatetski-Shapiro, I. I.},
     TITLE = {Some examples of automorphic forms on {$\Sp_4$}},
   JOURNAL = {Duke Math. J.},
  FJOURNAL = {Duke Mathematical Journal},
    VOLUME = {50},
      YEAR = {1983},
    NUMBER = {1},
     PAGES = {55--106},
      ISSN = {0012-7094,1547-7398},
   MRCLASS = {10D40 (22E55)},
  MRNUMBER = {700131},
MRREVIEWER = {Stephen\ Gelbart},
       URL = {http://projecteuclid.org/euclid.dmj/1077303000},
}

@article {rs77metaplectic,
    AUTHOR = {Rallis, S. and Schiffmann, G.},
     TITLE = {Repr\'{e}sentations supercuspidales du groupe
              m\'{e}taplectique},
   JOURNAL = {J. Math. Kyoto Univ.},
  FJOURNAL = {Journal of Mathematics of Kyoto University},
    VOLUME = {17},
      YEAR = {1977},
    NUMBER = {3},
     PAGES = {567--603},
      ISSN = {0023-608X},
   MRCLASS = {10D15 (22E50)},
  MRNUMBER = {498395},
MRREVIEWER = {Stephen\ Gelbart},
       DOI = {10.1215/kjm/1250522716},
       URL = {https://doi.org/10.1215/kjm/1250522716},
}

@article{vigneras79center,
  title={Valeur au centre de sym{\'e}trie des fonctions L associ{\'e}es aux formes modulaires},
  author={Vigneras, MARIE-FRANCE},
  journal={S{\'e}minaire de Th{\'e}orie des Nombres, Paris},
  volume={80},
  pages={331--356},
  year={1979}
}

@article {shimura73half,
    AUTHOR = {Shimura, Goro},
     TITLE = {On modular forms of half integral weight},
   JOURNAL = {Ann. of Math. (2)},
  FJOURNAL = {Annals of Mathematics. Second Series},
    VOLUME = {97},
      YEAR = {1973},
     PAGES = {440--481},
      ISSN = {0003-486X},
   MRCLASS = {10D15},
  MRNUMBER = {332663},
MRREVIEWER = {I.\ Piatetski-Shapiro},
       DOI = {10.2307/1970831},
       URL = {https://doi.org/10.2307/1970831},
}

@article {rallis84howe,
    AUTHOR = {Rallis, S.},
     TITLE = {On the {H}owe duality conjecture},
   JOURNAL = {Compositio Math.},
  FJOURNAL = {Compositio Mathematica},
    VOLUME = {51},
      YEAR = {1984},
    NUMBER = {3},
     PAGES = {333--399},
      ISSN = {0010-437X,1570-5846},
   MRCLASS = {22E55 (22E50)},
  MRNUMBER = {743016},
MRREVIEWER = {Martin\ L.\ Karel},
       URL = {http://www.numdam.org/item?id=CM_1984__51_3_333_0},
}

@book {gelbart76weil,
    AUTHOR = {Gelbart, Stephen S.},
     TITLE = {Weil's representation and the spectrum of the metaplectic
              group},
    SERIES = {},
    VOLUME = {Vol. 530.},
 PUBLISHER = {Springer-Verlag, Berlin-New York},
      YEAR = {1976},
     PAGES = {140},
   MRCLASS = {10D15 (22E55)},
  MRNUMBER = {424695},
MRREVIEWER = {Mark\ E.\ Novodvorsky},
}

@incollection {gps81shimura,
    AUTHOR = {Gelbart, S. and Piatetski-Shapiro, I.},
     TITLE = {On {S}himura's correspondence for modular forms of
              half-integral weight},
 BOOKTITLE = {Automorphic forms, representation theory and arithmetic
              ({B}ombay,
 1979)},
    SERIES = {Tata Inst. Fund. Res. Studies in Math},
    VOLUME = {10},
     PAGES = {pp 1--39},
 PUBLISHER = {Tata Institute of Fundamental Research, Bombay},
      YEAR = {1981},
   MRCLASS = {10D40 (10D12 22E55)},
  MRNUMBER = {633657},
MRREVIEWER = {Freydoon\ Shahidi},
}


@article {weil65siegel,
    AUTHOR = {Weil, Andr\'{e}},
     TITLE = {Sur la formule de {S}iegel dans la th\'{e}orie des groupes
              classiques},
   JOURNAL = {Acta Math.},
  FJOURNAL = {Acta Mathematica},
    VOLUME = {113},
      YEAR = {1965},
     PAGES = {1--87},
      ISSN = {0001-5962,1871-2509},
   MRCLASS = {14.50 (10.00)},
  MRNUMBER = {223373},
MRREVIEWER = {A.\ Kirillov},
       DOI = {10.1007/BF02391774},
       URL = {https://doi.org/10.1007/BF02391774},
}

@article {gps83metaplectic,
    AUTHOR = {Gelbart, S. and Piatetski-Shapiro, I.},
     TITLE = {Some remarks on metaplectic cusp forms and the correspondences
              of {S}himura and {W}aldspurger},
   JOURNAL = {Israel J. Math.},
  FJOURNAL = {Israel Journal of Mathematics},
    VOLUME = {44},
      YEAR = {1983},
    NUMBER = {2},
     PAGES = {97--126},
      ISSN = {0021-2172},
   MRCLASS = {10D15 (10D40 12A67)},
  MRNUMBER = {693355},
MRREVIEWER = {Joe\ Repka},
       DOI = {10.1007/BF02760615},
       URL = {https://doi.org/10.1007/BF02760615},
}

@article {flicker80covering,
    AUTHOR = {Flicker, Yuval Z.},
     TITLE = {Automorphic forms on covering groups of {$\GL(2)$}},
   JOURNAL = {Invent. Math.},
  FJOURNAL = {Inventiones Mathematicae},
    VOLUME = {57},
      YEAR = {1980},
    NUMBER = {2},
     PAGES = {119--182},
      ISSN = {0020-9910,1432-1297},
   MRCLASS = {10D40 (22E55)},
  MRNUMBER = {567194},
MRREVIEWER = {Wen-Ch'ing\ Winnie\ Li},
       DOI = {10.1007/BF01390092},
       URL = {https://doi.org/10.1007/BF01390092},
}


@book {jl70gl2,
    AUTHOR = {Jacquet, H. and Langlands, R. P.},
     TITLE = {Automorphic forms on {$\GL(2)$}},
    SERIES = {},
    VOLUME = {Vol. 114.},
 PUBLISHER = {Springer-Verlag, Berlin-New York},
      YEAR = {1970},
     PAGES = {vii+548},
   MRCLASS = {10D15 (22E55 12A65 12A70)},
  MRNUMBER = {401654},
MRREVIEWER = {S.\ Gelbart},
}