@article{zubrilina2023murmurations,
  title={Murmurations},
  author={Zubrilina, Nina},
  journal={arXiv preprint arXiv:2310.07681},
  year={2023}
}

@article{booker2024murmurations,
  title={{Murmurations of Maass forms}},
  author={Booker, Andrew R and Lee, Min and Lowry-Duda, David and Seymour-Howell, Andrei and Zubrilina, Nina},
  journal={arXiv preprint arXiv:2409.00765},
  year={2024}
}

@article{wang2025murmurations,
  title={{Murmurations of Hecke $L$-Functions of Imaginary Quadratic Fields}},
  author={Wang, Zeyu},
  journal={arXiv preprint arXiv:2503.17967},
  year={2025}
}

@article{lee2025murmurations,
  title={{Murmurations of Dirichlet characters}},
  author={Lee, Kyu-Hwan and Oliver, Thomas and Pozdnyakov, Alexey},
  journal={International Mathematics Research Notices},
  volume={2025},
  number={1},
  pages={rnae277},
  year={2025},
  publisher={Oxford University Press}
}

@article{bober2023murmurations,
  title={Murmurations of modular forms in the weight aspect},
  author={Bober, Jonathan and Booker, Andrew R and Lee, Min and Lowry-Duda, David},
  journal={arXiv preprint arXiv:2310.07746},
  year={2023}
}

@article{cowan2024murmurations,
  title={Murmurations and ratios conjectures},
  author={Cowan, Alex},
  journal={arXiv preprint arXiv:2408.12723},
  year={2024}
}

@article{he2024murmurations,
  title={Murmurations of elliptic curves},
  author={He, Yang-Hui and Lee, Kyu-Hwan and Oliver, Thomas and Pozdnyakov, Alexey},
  journal={Experimental Mathematics},
  pages={1--13},
  year={2024},
  publisher={Taylor \& Francis}
}

@article{skoruppa1987jacobi,
  title={Jacobi forms and a certain space of modular forms},
  author={Skoruppa, N-P and Zagier, Don},
  year={1987}
}

@article{eichler1955class,
  title={On the class number of imaginary quadratic fields and the sums of divisors of natural numbers},
  author={Eichler, Martin},
  journal={The Journal of the Indian Mathematical Society},
  pages={153--180},
  year={1955}
}

@article{selberg1956harmonic,
  title={Harmonic analysis and discontinuous groups in weakly symmetric Riemannian spaces with applications to Dirichlet series},
  author={Selberg, Atle},
  journal={The Journal of the Indian Mathematical Society},
  pages={47--87},
  year={1956}
}

@article{chiou2024elliptic,
  title={{Elliptic curve murmurations found with AI take flight}},
  author={Chiou, Lyndie},
  journal={Qunata Magazine},
  year={2024}
}

@article{granville2007large,
  title={{Large character sums: pretentious characters and the P{\'o}lya-Vinogradov theorem}},
  author={Granville, Andrew and Soundararajan, Kannan},
  journal={Journal of the American Mathematical Society},
  volume={20},
  number={2},
  pages={357--384},
  year={2007}
}

@misc{sarnak,
  title = {{Letter to Drew Sutherland and Nina Zubrilina}},
  author = {Sarnak, Peter},
  howpublished = {\url{https://publications.ias.edu/sites/default/files/Nina%20and%20Drew%20letter_0.pdf}},
  note = {Accessed: 2025-04-12}
}

@misc{sutherland,
  title = {{Sato--Tate distributions and murmurations}},
  author = {Sutherland, Andrew},
  howpublished = {\url{https://www.youtube.com/watch?v=EL5MzprelYM}},
  note = {Accessed: 2025-04-12}
}

@article{sawin2025murmurations,
  title={Murmurations for elliptic curves ordered by height},
  author={Sawin, Will and Sutherland, Andrew},
  journal={arXiv preprint arXiv:2504.12295},
  year={2025}
}



@misc{strombergsson,
  title = {{Explicit trace formula for Hecke operators}},
  author = {Str{\"o}mbergsson, Andreas},
}

@article{child2022twist,
  title={Twist-minimal trace formula for holomorphic cusp forms},
  author={Child, Kieran},
  journal={Research in Number Theory},
  volume={8},
  number={1},
  pages={11},
  year={2022},
  publisher={Springer}
}

@article{birch1968number,
  title={How the number of points of an elliptic curve over a fixed prime field varies},
  author={Birch, Bryan J},
  journal={Journal of the London Mathematical Society},
  volume={1},
  number={1},
  pages={57--60},
  year={1968},
  publisher={Oxford University Press}
}

@article{sutherland2019sato,
  title={Sato-Tate distributions},
  author={Sutherland, Andrew V},
  journal={Contemporary Mathematics},
  volume={740},
  year={2019}
}

@article{lowry2025murmurations,
  title={{On Murmurations and Trace Formulas}},
  author={Lowry-Duda, David},
  journal={arXiv preprint arXiv:2506.01640},
  year={2025}
}

@article{he2023machine,
  title={Machine learning invariants of arithmetic curves},
  author={He, Yang-Hui and Lee, Kyu-Hwan and Oliver, Thomas},
  journal={Journal of Symbolic Computation},
  volume={115},
  pages={478--491},
  year={2023},
  publisher={Elsevier}
}


@misc{sutherlandletter,
  title = {{Letter to Mike and Peter}},
  author = {Sutherland, Andrew},
  howpublished = {\url{https://math.mit.edu/~drew/RubinsteinSarnakLetter.pdf}},
  note = {Accessed: 2025-08-22}
}

@incollection{sarnak2016families,
  title={Families of {L}-functions and their symmetry},
  author={Sarnak, Peter and Shin, Sug Woo and Templier, Nicolas},
  booktitle={Families of automorphic forms and the trace formula},
  pages={531--578},
  year={2016},
  publisher={Springer}
}

@article{katz1999zeroes,
  title={Zeroes of zeta functions and symmetry},
  author={Katz, Nicholas and Sarnak, Peter},
  journal={Bulletin of the American Mathematical Society},
  volume={36},
  number={1},
  pages={1--26},
  year={1999}
}

@book{katz2023random,
  title={{Random matrices, Frobenius eigenvalues, and monodromy}},
  author={Katz, Nicholas M and Sarnak, Peter},
  volume={45},
  year={1999},
  publisher={American Mathematical Society}
}

@article{iwaniec2000low,
  title={Low lying zeros of families of $ L $-functions},
  author={Iwaniec, Henryk and Luo, Wenzhi and Sarnak, Peter},
  journal={Publications Math{\'e}matiques de l'IH{\'E}S},
  volume={91},
  pages={55--131},
  year={2000}
}

@article{shankar2019families,
  title={Families of elliptic curves ordered by conductor},
  author={Shankar, Ananth N and Shankar, Arul and Wang, Xiaoheng},
  journal={arXiv preprint arXiv:1904.13063},
  year={2019}
}