@article{calegari2024linear,
  title={{The linear independence of $1$, $\zeta (2) $, and $ L (2,\chi_{-3}) $}},
  author={Calegari, Frank and Dimitrov, Vesselin and Tang, Yunqing},
  journal={arXiv preprint arXiv:2408.15403},
  year={2024}
}

@article{zagier2009integral,
  title={{Integral solutions of Ap{\'e}ry-like recurrence equations}},
  author={Zagier, Don},
  journal={Groups and symmetries},
  volume={47},
  pages={349--366},
  year={2009}
}

@article{bost2001algebraic,
  title={Algebraic leaves of algebraic foliations over number fields},
  author={Bost, Jean-Beno{\^\i}t},
  journal={Publications Math{\'e}matiques de l'IH{\'E}S},
  volume={93},
  pages={161--221},
  year={2001}
}