@article{aizenbud2013partial,
  title={A partial analog of the integrability theorem for distributions on p-adic spaces and applications},
  author={Aizenbud, Avraham},
  journal={Israel Journal of Mathematics},
  volume={193},
  pages={233--262},
  year={2013},
  publisher={Springer}
}

@article{aizenbud2010multiplicity,
  title={Multiplicity one theorems},
  author={Aizenbud, Avraham and Gourevitch, Dmitry and Rallis, Stephen and Schiffmann, G{\'e}rard},
  journal={Annals of Mathematics},
  pages={1407--1434},
  year={2010},
  publisher={JSTOR}
}

@book{arthur2013endoscopic,
  title={The Endoscopic classification of representations orthogonal and symplectic groups},
  author={Arthur, James},
  volume={61},
  year={2013},
  publisher={American Mathematical Soc.}
}

@article{atobe2018local,
  title={The local theta correspondence and the local Gan--Gross--Prasad conjecture for the symplectic-metaplectic case},
  author={Atobe, Hiraku},
  journal={Mathematische Annalen},
  volume={371},
  pages={225--295},
  year={2018},
  publisher={Springer}
}

@article{beuzart2014expression,
  title={Expression d'un facteur epsilon de paire par une formule int{\'e}grale},
  author={Beuzart-Plessis, Rapha{\"e}l},
  journal={Canadian Journal of Mathematics},
  volume={66},
  number={5},
  pages={993--1049},
  year={2014},
  publisher={Cambridge University Press}
}

@article{beuzart2015endoscopie,
  title={Endoscopie et conjecture locale raffin{\'e}e de Gan--Gross--Prasad pour les groupes unitaires},
  author={Beuzart-Plessis, Rapha{\"e}l},
  journal={Compositio Mathematica},
  volume={151},
  number={7},
  pages={1309--1371},
  year={2015},
  publisher={London Mathematical Society}
}

@article{beuzart2016conjecture,
  title={La conjecture locale de Gross-Prasad pour les repr{\'e}sentations temp{\'e}r{\'e}es des groupes unitaires},
  author={Beuzart-Plessis, Rapha{\"e}l},
  journal={M{\'e}moires de la Soci{\'e}t{\'e} Math{\'e}matique de France},
  volume={149},
  pages={191p},
  year={2016},
  publisher={SMF}
}

@article{beuzart2017factorisations,
  title={Factorisations de p{\'e}riodes et formules de Plancherel},
  author={Beuzard-Plessis, R},
  journal={Peccot lecture series, held at the Coll{\`e}ge de France, Paris, April},
  year={2017}
}

@article{beuzart2021comparison,
  title={Comparison of local relative characters and the Ichino--Ikeda conjecture for unitary groups},
  author={Beuzart-Plessis, Rapha{\"e}l},
  journal={Journal of the Institute of Mathematics of Jussieu},
  volume={20},
  number={6},
  pages={1803--1854},
  year={2021},
  publisher={Cambridge University Press}
}

@article{beuzart2015local,
  title={A local trace formula for the local Gan-Gross-Prasad conjecture for unitary groups: The archimedean case},
  author={Beuzart-Plessis, R},
  journal={preprint},
  year={2015}
}

@article{casselman1989canonical,
  title={Canonical extensions of Harish-Chandra modules to representations of G},
  author={Casselman, William},
  journal={Canadian Journal of Mathematics},
  volume={41},
  number={3},
  pages={385--438},
  year={1989},
  publisher={Cambridge University Press}
}

@article{chaudouard2021transfert,
  title={Le transfert singulier pour la formule des traces de Jacquet--Rallis},
  author={Chaudouard, Pierre-Henri and Zydor, Micha{\l}},
  journal={Compositio Mathematica},
  volume={157},
  number={2},
  pages={303--434},
  year={2021},
  publisher={London Mathematical Society}
}

@inproceedings{clozel1982changement,
  title={Changement de base pour les repr{\'e}sentations temp{\'e}r{\'e}es des groupes r{\'e}ductifs r{\'e}els},
  author={Clozel, Laurent},
  booktitle={Annales scientifiques de l'{\'E}cole Normale Sup{\'e}rieure},
  volume={15},
  number={1},
  pages={45--115},
  year={1982}
}

@inproceedings{deligne1973constantes,
  title={Les constantes des {\'e}quations fonctionnelles des fonctions L},
  author={Deligne, Pierre},
  booktitle={Modular Functions of One Variable II: Proceedings International Summer School University of Antwerp, RUCA July 17--August 3, 1972},
  pages={501--597},
  year={1973},
  organization={Springer}
}

@article{flicker1988twisted,
  title={Twisted tensors and Euler products},
  author={Flicker, Yuval Z},
  journal={Bulletin de la Soci{\'e}t{\'e} Math{\'e}matique de France},
  volume={116},
  number={3},
  pages={295--313},
  year={1988}
}

@article{gan2014recent,
  title={Recent progress on the Gross--Prasad conjecture},
  author={Gan, Wee Teck},
  journal={Acta Mathematica Vietnamica},
  volume={39},
  pages={11--33},
  year={2014},
  publisher={Springer}
}

@article{gan2011symplectic,
  title={Symplectic local root numbers, central critical L-values, and restriction problems in the representation theory of classical groups},
  author={Gan, Wee Teck and Gross, Benedict H and Prasad, Dipendra},
  journal={Ast{\'e}risque},
  pages={No--pp},
  year={2011},
  publisher={Soci{\'e}t{\'e} Math{\'e}matique de France}
}

@article{gan2014formal,
  title={Formal degrees and local theta correspondence},
  author={Gan, Wee Teck and Ichino, Atsushi},
  journal={Inventiones mathematicae},
  volume={195},
  pages={509--672},
  year={2014},
  publisher={Springer}
}

@article{gan2016gross,
  title={The Gross--Prasad conjecture and local theta correspondence},
  author={Gan, Wee Teck and Ichino, Atsushi},
  journal={Inventiones mathematicae},
  volume={206},
  pages={705--799},
  year={2016},
  publisher={Springer}
}

@article{gan2016howe,
  title={On the Howe duality conjecture in classical theta correspondence},
  author={Gan, Wee and Takeda, Shuichiro},
  journal={Advances in the Theory of Automorphic Forms and Their $L$-functions},
  pages={105--117},
  year={2016},
  publisher={American Mathematical Society}
}

@article{ginzburg2004nonvanishing,
  title={On the nonvanishing of the central value of the Rankin-Selberg L-functions},
  author={Ginzburg, David and Jiang, Dihua and Rallis, Stephen},
  journal={Journal of the American Mathematical Society},
  volume={17},
  number={3},
  pages={679--722},
  year={2004}
}

@article{ginzburg2005nonvanishing,
  title={On the nonvanishing of the central value of the Rankin-Selberg L-functions, II, Automorphic Representations, L-functions and Applications: Progress and Prospects, 157-191},
  author={Ginzburg, David and Jiang, Dihua and Rallis, Stephen},
  journal={Ohio State Univ. Math. Res. Inst. Publ},
  volume={11},
  year={2005}
}

@article{ginzburg488models,
  title={Models for certain residual representations of unitary groups. Automorphic forms and L-functions I. Global aspects, 125--146},
  author={Ginzburg, David and Jiang, Dihua and Rallis, Stephen},
  journal={Contemp. Math},
  volume={488}
}

@book{goodman2009symmetry,
  title={Symmetry, representations, and invariants},
  author={Goodman, Roe and Wallach, Nolan R and others},
  volume={255},
  year={2009},
  publisher={Springer}
}

@article{gross1992decomposition,
  title={On the decomposition of a representation of $\mathrm{SO}_n$ when restricted to $\mathrm{SO}_{n-1}$},
  author={Gross, Benedict H and Prasad, Dipendra},
  journal={Canadian Journal of Mathematics},
  volume={44},
  number={5},
  pages={974--1002},
  year={1992},
  publisher={Cambridge University Press}
}

@article{gross1994irreducible,
  title={On irreducible representations of $\mathrm{SO}_{2n+1} \times \mathrm{SO}_{2m}$},
  author={Gross, Benedict H and Prasad, Dipendra},
  journal={Canadian Journal of Mathematics},
  volume={46},
  number={5},
  pages={930--950},
  year={1994},
  publisher={Cambridge University Press}
}

@article{grobner2018deligne,
  title={Deligne's conjecture for automorphic motives over CM-fields},
  author={Grobner, Harald and Harris, Michael and Lin, Jie},
  journal={arXiv preprint arXiv:1802.02958},
  year={2018}
}

@book{harris2001geometry,
  title={The Geometry and Cohomology of Some Simple Shimura Varieties.(AM-151), Volume 151},
  author={Harris, Michael and Taylor, Richard},
  volume={151},
  year={2001},
  publisher={Princeton university press}
}

@article{harris2014refined,
  title={The refined Gross--Prasad conjecture for unitary groups},
  author={Harris, R Neal},
  journal={International Mathematics Research Notices},
  volume={2014},
  number={2},
  pages={303--389},
  year={2014},
  publisher={OUP}
}

@article{he2017gan,
  title={On the Gan--Gross--Prasad conjecture for U (p, q)},
  author={He, Hongyu},
  journal={Inventiones mathematicae},
  volume={209},
  pages={837--884},
  year={2017},
  publisher={Springer}
}

@article{heiermann2016note,
  title={A note on standard modules and Vogan L-packets},
  author={Heiermann, Volker},
  journal={manuscripta mathematica},
  volume={150},
  pages={571--583},
  year={2016},
  publisher={Springer}
}

@article{henniart2000preuve,
  title={Une preuve simple des conjectures de Langlands pour $\mathrm{GL}(n)$ sur un corps $p$-adique},
  author={Henniart, Guy},
  journal={Inventiones mathematicae},
  volume={139},
  pages={439--455},
  year={2000},
  publisher={Springer}
}

@article{ichino2008trilinear,
  title={Trilinear forms and the central values of triple product L-functions},
  author={Ichino, Atsushi},
  year={2008}
}

@article{ichino2010periods,
  title={On the periods of automorphic forms on special orthogonal groups and the Gross--Prasad conjecture},
  author={Ichino, Atsushi and Ikeda, Tamutsu},
  journal={Geometric and Functional Analysis},
  volume={19},
  pages={1378--1425},
  year={2010},
  publisher={Springer}
}

@article{jacquet1983rankin,
  title={Rankin-selberg convolutions},
  author={Jacquet, Herv{\'e} and Piatetskii-Shapiro, Ilya I and Shalika, Joseph A},
  journal={American journal of mathematics},
  volume={105},
  number={2},
  pages={367--464},
  year={1983},
  publisher={JSTOR}
}

@article{jacquet2011gross,
  title={On the Gross-Prasad conjecture for unitary groups},
  author={Jacquet, Herv{\'e} and Rallis, Stephen},
  journal={On certain L-functions},
  volume={13},
  pages={205--264},
  year={2011},
  publisher={American Mathematical Society Providence}
}

@article{kaletha2014endoscopic,
  title={Endoscopic classification of representations: inner forms of unitary groups},
  author={Kaletha, Tasho and Minguez, Alberto and Shin, Sug Woo and White, Paul-James},
  journal={arXiv preprint arXiv:1409.3731},
  year={2014}
}

@article{kottwitz1999foundations,
  title={Foundations of twisted endoscopy},
  author={Kottwitz, Robert E and Shelstad, Diana},
  journal={Ast{\'e}risque},
  volume={255},
  pages={1--190},
  year={1999},
  publisher={Soci{\'e}t{\'e} math{\'e}matique de France}
}

@article{langlands1989irreducible,
  title={On the classification of irreducible representations of real algebraic groups},
  author={Langlands, Robert P},
  journal={Representation theory and harmonic analysis on semisimple Lie groups},
  volume={31},
  pages={101--170},
  year={1989}
}

@article{lapid2006relative,
  title={The relative trace formula and its applications},
  author={Lapid, Erez M},
  journal={Automorphic Forms and Automorphic L-Functions},
  volume={1468},
  pages={76--87},
  year={2006},
  publisher={Surikaisekikenkyusho Kokyuroku}
}

@article{liu2014relative,
  title={Relative trace formulae toward Bessel and Fourier--Jacobi periods on unitary groups},
  author={Liu, Yifeng},
  journal={Manuscripta Mathematica},
  volume={145},
  pages={1--69},
  year={2014},
  publisher={Springer}
}

@article{mezo2016tempered,
  title={Tempered spectral transfer in the twisted endoscopy of real groups},
  author={Mezo, Paul},
  journal={Journal of the Institute of Mathematics of Jussieu},
  volume={15},
  number={3},
  pages={569--612},
  year={2016},
  publisher={Cambridge University Press}
}

@book{moeglin2006correspondances,
  title={Correspondances de Howe sur un corps p-adique},
  author={M{\oe}glin, Colette and Vign{\'e}ras, Marie-France and Waldspurger, Jean-Loup},
  volume={1291},
  year={2006},
  publisher={Springer}
}

@book{moeglin1994decomposition,
  title={D{\'e}composition spectrale et s{\'e}ries d'Eisenstein: une paraphrase de l'{\'e}criture},
  author={M{\oe}glin, Colette and Waldspurger, Jean-Loup},
  volume={113},
  year={1994},
  publisher={Springer Science \& Business Media}
}

@article{moeglin2012conjecture,
  title={LA CONJECTURE LOCALE DE GROSS-PRASAD POUR LES GROUPES SP{\'E}CIAUX ORTHOGONAUX: LE CAS G{\'E}N{\'E}RAL par},
  author={M{\oe}glin, Colette and Waldspurger, Jean-Loup},
  journal={Ast{\'e}risque},
  volume={347},
  pages={167--216},
  year={2012}
}

@book{moeglin2016stabilisation,
  title={Stabilisation de la formule des traces tordue},
  author={Moeglin, Colette and Waldspurger, Jean-Loup},
  publisher={Springer}
}

@book{mok2015endoscopic,
  title={Endoscopic classification of representations of quasi-split unitary groups},
  author={Mok, Chung Pang},
  volume={235},
  number={1108},
  year={2015},
  publisher={American Mathematical Society}
}

@article{prasad1993local,
  title={On the local Howe duality correspondence},
  author={Prasad, Dipendra},
  journal={International mathematics research notices},
  volume={1993},
  number={11},
  pages={279--287},
  year={1993},
  publisher={Oxford University Press}
}

@article{prasad2000theta,
  title={Theta correspondence for unitary groups},
  author={Prasad, Dipendra},
  journal={Pacific Journal of Mathematics},
  volume={194},
  number={2},
  pages={427--438},
  year={2000},
  publisher={Mathematical Sciences Publishers}
}

@article{prasanna2021automorphic,
  title={Automorphic cohomology, motivic cohomology, and the adjoint L-function},
  author={Prasanna, Kartik A and Venkatesh, Akshay},
  journal={Ast{\'e}risque},
  volume={428},
  year={2021}
}

@article{ramakrishnan2015mild,
  title={A mild Tchebotarev theorem for $\mathrm{GL}(n)$},
  author={Ramakrishnan, Dinakar},
  journal={Journal of Number Theory},
  volume={146},
  pages={519--533},
  year={2015},
  publisher={Elsevier}
}

@inproceedings{rodier2006modele,
  title={Mod{\`e}le de Whittaker et caract{\`e}res de repr{\'e}sentations},
  author={Rodier, Fran{\c{c}}ois},
  booktitle={Non-Commutative Harmonic Analysis: Actes du Colloque d’Analyse Harmonique Non Commutative, Marseille-Luminy, 1 au 5 Juillet 1974},
  pages={151--171},
  year={2006},
  organization={Springer}
}

@article{scholze2013local,
  title={The local Langlands correspondence for $\mathrm{GL}_n$ over $p$-adic fields},
  author={Scholze, Peter},
  journal={Inventiones mathematicae},
  volume={192},
  pages={663--715},
  year={2013},
  publisher={Springer}
}

@article{shelstad1982indistinguishability,
  title={L-indistinguishability for real groups},
  author={Shelstad, Diana},
  journal={Mathematische Annalen},
  volume={259},
  number={3},
  pages={385--430},
  year={1982},
  publisher={Springer}
}

@article{shelstad2008tempered,
  title={Tempered endoscopy for real groups. I. Geometric transfer with canonical factors},
  author={Shelstad, Diana},
  journal={Representation theory of real reductive Lie groups},
  volume={472},
  pages={215--246},
  year={2008},
  publisher={Citeseer}
}

@article{shelstad2010tempered,
  title={Tempered endoscopy for real groups. II. Spectral transfer factors},
  author={Shelstad, Diana},
  journal={Automorphic forms and the Langlands program},
  volume={9},
  pages={236--276},
  year={2010},
  publisher={Citeseer}
}

@article{sun2012multiplicity,
  title={Multiplicity one theorems for Fourier-Jacobi models},
  author={Sun, Binyong},
  journal={American Journal of Mathematics},
  volume={134},
  number={6},
  pages={1655--1678},
  year={2012},
  publisher={Johns Hopkins University Press}
}

@article{sun2012multiplicityarchimedean,
  title={Multiplicity one theorems: the Archimedean case},
  author={Sun, Binyong and Zhu, Chen-Bo},
  journal={Annals of Mathematics},
  pages={23--44},
  year={2012},
  publisher={JSTOR}
}

@inproceedings{tate1979number,
  title={Number theoretic background},
  author={Tate, John},
  booktitle={Automorphic forms, representations and L-functions (Proc. Sympos. Pure Math., Oregon State Univ., Corvallis, Ore., 1977), Part},
  volume={2},
  pages={3--26},
  year={1979}
}

@article{vogan1993local,
  title={The local Langlands conjecture},
  author={Vogan, David A},
  journal={Representation theory of groups and algebras},
  pages={305--379},
  year={1993},
  publisher={American Mathematical Society}
}

@article{waldspurger1985valeurs,
  title={Sur les valeurs de certaines fonctions $ L $ automorphes en leur centre de sym{\'e}trie},
  author={Waldspurger, J-L},
  journal={Compositio Mathematica},
  volume={54},
  number={2},
  pages={173--242},
  year={1985}
}

@article{waldspurger1990demonstration,
  title={D{\'e}monstration d'une conjecture de dualit{\'e} de Howe dans le cas $p$-adique, $p \neq 2$},
  author={Waldspurger, J-L},
  journal={(No Title)},
  pages={267},
  year={1990}
}

@article{waldspurger2010formule,
  title={Une formule int{\'e}grale reli{\'e}e {\`a} la conjecture locale de Gross--Prasad},
  author={Waldspurger, J-L},
  journal={Compositio Mathematica},
  volume={146},
  number={5},
  pages={1180--1290},
  year={2010},
  publisher={London Mathematical Society}
}

@article{waldspurger2012calcul,
  title={CALCUL D'UNE VALEUR D'UN FACTEUR $\varepsilon$ PAR UNE FORMULE INT{\'E}GRALE par},
  author={Waldspurger, Jean-Loup},
  journal={Ast{\'e}risque},
  volume={347},
  pages={1--102},
  year={2012}
}

@article{waldspurger2012conjecture,
  title={La conjecture locale de Gross-Prasad pour les repr{\'e}sentations temp{\'e}r{\'e}es des groupes sp{\'e}ciaux orthogonaux},
  author={Waldspurger, Jean-Loup},
  journal={Ast$\backslash$'$\{$e$\}$ risque},
  number={347},
  pages={103},
  year={2012}
}

@article{waldspurger2012formule,
  title={Une formule int{\'e}grale reli{\'e}e {\`a} la conjecture locale de Gross-Prasad, 2e partie: extension aux repr{\'e}sentations temp{\'e}r{\'e}es},
  author={Waldspurger, Jean-Loup},
  journal={Ast$\backslash$'$\{$e$\}$ risque},
  number={346},
  pages={171},
  year={2012}
}

@article{wallachreal,
  title={Real reductive groups. II, volume 132 of},
  author={Wallach, Nolan R},
  journal={Pure and Applied Mathematics}
}

@book{weil2012adeles,
  title={Adeles and algebraic groups},
  author={Weil, Andr{\'e}},
  volume={23},
  year={2012},
  publisher={Springer Science \& Business Media}
}

@book{weyl1946classical,
  title={The classical groups: their invariants and representations},
  author={Weyl, Hermann},
  volume={45},
  year={1946},
  publisher={Princeton university press}
}

@article{xue2014gan,
  title={The Gan--Gross--Prasad conjecture for $\mathrm{U}(n) \times \mathrm{U}(n)$},
  author={Xue, Hang},
  journal={Advances in Mathematics},
  volume={262},
  pages={1130--1191},
  year={2014},
  publisher={Elsevier}
}

@article{xue2016fourier,
  title={Fourier--Jacobi periods and the central value of Rankin--Selberg L-functions},
  author={Xue, Hang},
  journal={Israel Journal of Mathematics},
  volume={212},
  pages={547--633},
  year={2016},
  publisher={Springer}
}

@article{xue2017fourier,
  title={Fourier--Jacobi periods and local spherical character identities},
  author={Xue, Hang},
  year={2017}
}

@article{xue2017refined,
  title={Refined global Gan--Gross--Prasad conjecture for Fourier--Jacobi periods on symplectic groups},
  author={Xue, Hang},
  journal={Compositio Mathematica},
  volume={153},
  number={1},
  pages={68--131},
  year={2017},
  publisher={London Mathematical Society}
}

@article{xue2019global,
  title={On the global Gan--Gross--Prasad conjecture for unitary groups: approximating smooth transfer of Jacquet--Rallis},
  author={Xue, Hang},
  journal={Journal f{\"u}r die reine und angewandte Mathematik (Crelles Journal)},
  volume={2019},
  number={756},
  pages={65--100},
  year={2019},
  publisher={De Gruyter}
}

@article{yun2011fundamental,
  title={The fundamental lemma of Jacquet and Rallis},
  author={Yun, Zhiwei and Gordon, Julia},
  journal={Duke Math. J.},
  volume={156},
  number={1},
  pages={167--227},
  year={2011}
}

@article{zhang2014automorphic,
  title={Automorphic period and the central value of Rankin-Selberg L-function},
  author={Zhang, Wei},
  journal={Journal of the American Mathematical Society},
  volume={27},
  number={2},
  pages={541--612},
  year={2014}
}

@article{zhang2014fourier,
  title={Fourier transform and the global Gan—Gross—Prasad conjecture for unitary groups},
  author={Zhang, Wei},
  journal={Annals of Mathematics},
  volume={180},
  number={3},
  pages={971--1049},
  year={2014},
  publisher={JSTOR}
}

@article{zydor2016variante,
  title={La Variante infinit{\'e}simale de la formule des traces de Jacquet—Rallis pour les groupes unitaires},
  author={Zydor, Micha{\l}},
  journal={Canadian Journal of Mathematics},
  volume={68},
  number={6},
  pages={1382--1435},
  year={2016},
  publisher={Cambridge University Press}
}

@article{zydor2018variante,
  title={La variante infinit{\'e}simale de la formule des traces de Jacquet-Rallis pour les groupes lin{\'e}aires},
  author={Zydor, Micha{\l}},
  journal={Journal of the Institute of Mathematics of Jussieu},
  volume={17},
  number={4},
  pages={735--783},
  year={2018},
  publisher={Cambridge University Press}
}

@article{zydor2020formules,
  title={Les formules des traces relatives de Jacquet--Rallis grossi{\`e}res},
  author={Zydor, Micha{\l}},
  journal={Journal f{\"u}r die reine und angewandte Mathematik (Crelles Journal)},
  volume={2020},
  number={762},
  pages={195--259},
  year={2020},
  publisher={De Gruyter}
}