@article{armitage1971zeta,
  title={{Zeta functions with a zero at $s= 1/2$}},
  author={Armitage, John V},
  journal={Inventiones mathematicae},
  volume={15},
  pages={199--205},
  year={1971},
  publisher={Springer}
}

@article{landau1918uber,
  title={Uber die Klassenzahl imagin{\"a}r-quadratischer Zahlk{\"o}rper},
  author={Landau, Edmund},
  journal={Gottinger Nachrichten},
  pages={285--295},
  year={1918}
}

@article{odlyzko1977lower,
  title={Lower bounds for discriminants of number fields. II},
  author={Odlyzko, Andrew M},
  journal={Tohoku Mathematical Journal, Second Series},
  volume={29},
  number={2},
  pages={209--216},
  year={1977},
  publisher={Mathematical Institute, Tohoku University}
}

@inproceedings{towers1967peter,
  title={On class fields towers},
  author={Roquette, Peter},
  booktitle={Algebraic Number Theory: Proceedings of an Instructional Conference},
  pages={231},
  year={1967},
  organization={Academic Press}
}

@article{serre1971conducteurs,
  title={Conducteurs d'Artin des caract{\`e}res r{\'e}els},
  author={Serre, Jean-Pierre},
  journal={Inventiones mathematicae},
  volume={14},
  pages={173--183},
  year={1971},
  publisher={Springer}
}

@article{tate1967fourier,
  title={Fourier Analysis in Number Fields an Hecke's Zeta-functions},
  author={Tate, John},
  journal={Algebraic Number Theory (Cassels and Froelich) London},
  pages={305--347},
  year={1967},
  publisher={Academic Press}
}