@book{kaletha2023bruhat,
  title={Bruhat--Tits theory: a new approach},
  author={Kaletha, Tasho and Prasad, Gopal},
  volume={44},
  year={2023},
  publisher={Cambridge University Press}
}

@book{bump1998automorphic,
  title={Automorphic forms and representations},
  author={Bump, Daniel},
  number={55},
  year={1998},
  publisher={Cambridge university press}
}

@misc{rabinoff2003bruhat,
  title={{The Bruhat-Tits building of a p-adic Chevalley group and an application to representation theory}},
  author={Rabinoff, Joseph},
  year={2003},
}

@article{moy1996jacquet,
  title={Jacquet functors and unrefined minimal {K}-types},
  author={Moy, Allen and Prasad, Gopal},
  journal={Commentarii Mathematici Helvetici},
  volume={71},
  pages={98--121},
  year={1996},
  publisher={Springer}
}


@article{moy1994unrefined,
  title={{Unrefined minimal K-types for p-adic groups.}},
  author={Moy, Allen and Prasad, Gopal},
  journal={Inventiones Mathematicae},
  volume={116},
  pages={393},
  year={1994}
}

@article{aubert2024bruhat,
  title={Bruhat-Tits buildings, representations of p-adic groups and Langlands correspondence},
  author={Aubert, Anne-Marie},
  journal={Journal of Algebra},
  volume={656},
  pages={47--76},
  year={2024},
  publisher={Elsevier}
}

@article{fintzensupercuspidal,
  title={Supercuspidal representations: construction, classification, and characters},
  author={Fintzen, Jessica}
}

@article{fintzen2023twisted,
  title={{A twisted Yu construction, Harish-Chandra characters, and endoscopy}},
  author={Fintzen, Jessica and Kaletha, Tasho and Spice, Loren},
  journal={Duke Mathematical Journal},
  volume={172},
  number={12},
  pages={2241--2301},
  year={2023},
  publisher={Duke University Press}
}

@article{yu2001construction,
  title={{Construction of tame supercuspidal representations}},
  author={Yu, Jiu-Kang},
  journal={Journal of the American Mathematical Society},
  volume={14},
  number={3},
  pages={579--622},
  year={2001}
}

@article{adler1998refined,
  title={{Refined anisotropic K-types and supercuspidal representations}},
  author={Adler, Jeffrey D},
  journal={Pacific Journal of Mathematics},
  volume={185},
  number={1},
  pages={1--32},
  year={1998},
  publisher={Mathematical Sciences Publishers}
}

@book{mostow2016strong,
  title={Strong rigidity of locally symmetric spaces},
  author={Mostow, G Daniel},
  year={2016},
  publisher={Princeton University Press}
}

@article{prasad1989volumes,
  title={{Volumes of S-arithmetic quotients of semi-simple groups}},
  author={Prasad, Gopal},
  journal={Publications Math{\'e}matiques de l'IH{\'E}S},
  volume={69},
  pages={91--114},
  year={1989}
}

@book{serre2002trees,
  title={Trees},
  author={Serre, Jean-Pierre},
  year={2002},
  publisher={Springer Science \& Business Media}
}

@article{goldman1963space,
  title={The space of $\mathfrak{p}$-adic normsnorms},
  author={Goldman, O and Iwahori, N},
  journal={Acta Mathematica},
  volume={109},
  number={1},
  pages={137--177},
  year={1963},
  publisher={Springer}
}

@article{morrisintroduction,
  title={INTRODUCTION TO {B}RUHAT-{T}ITS BUILDINGS},
  author={Morris, Dave Witte},
  publisher={Citeseer}
}

@article{remy2015bruhat,
  title={Bruhat-Tits buildings and analytic geometry},
  author={R{\'e}my, Bertrand and Thuillier, Amaury and Werner, Annette},
  journal={Berkovich spaces and applications},
  pages={141--202},
  year={2015},
  publisher={Springer}
}

@article{humphreys1975representations,
  title={Representations of $\SL(2, p)$},
  author={Humphreys, James E},
  journal={The American Mathematical Monthly},
  volume={82},
  number={1},
  pages={21--39},
  year={1975},
  publisher={Taylor \& Francis}
}

@article{fintzen2021construction,
  title={On the construction of tame supercuspidal representations},
  author={Fintzen, Jessica},
  journal={Compositio Mathematica},
  volume={157},
  number={12},
  pages={2733--2746},
  year={2021},
  publisher={London Mathematical Society}
}

@article{fintzen2021representations,
  title={Representations of $ p $-adic groups},
  author={Fintzen, Jessica},
  journal={Current developments in mathematics},
  volume={2021},
  number={1},
  pages={1--42},
  year={2021},
  publisher={International Press of Boston}
}

@article{sally1998introduction,
  title={An Introduction to p-adic Fields, Harmonic Analysis and the Representation theory of SL 2},
  author={Sally, Paul J},
  journal={Letters in Mathematical Physics},
  volume={46},
  pages={1--47},
  year={1998},
  publisher={Springer}
}

@article{kim2007supercuspidal,
  title={Supercuspidal representations: an exhaustion theorem},
  author={Kim, Ju-Lee},
  journal={Journal of the American Mathematical Society},
  volume={20},
  number={2},
  pages={273--320},
  year={2007}
}

@article{fintzen2021types,
  title={Types for tame p-adic groups},
  author={Fintzen, Jessica},
  journal={Annals of Mathematics},
  volume={193},
  number={1},
  pages={303--346},
  year={2021},
  publisher={Department of Mathematics, Princeton University Princeton, New Jersey, USA}
}

@inproceedings{bernstein1984centre,
  title={{Le ``centre'' de Bernstein}},
  author={Bernstein, Joseph N and Deligne, Pierre and others},
  booktitle={Representations of reductive groups over a local field},
  pages={1--32},
  year={1984}
}


@article{howe1977tamely,
  title={{Tamely ramified supercuspidal representations of $\GL_n$}},
  author={Howe, Roger},
  journal={Pacific Journal of Mathematics},
  volume={73},
  number={2},
  pages={437--460},
  year={1977},
  publisher={Mathematical Sciences Publishers}
}

@article{moy1986local,
  title={Local constants and the tame Langlands correspondence},
  author={Moy, Allen},
  journal={American Journal of Mathematics},
  volume={108},
  number={4},
  pages={863--929},
  year={1986},
  publisher={JSTOR}
}

@article{gerardin1977weil,
  title={Weil representations associated to finite fields},
  author={G{\'e}rardin, Paul},
  journal={Journal of Algebra},
  volume={46},
  number={1},
  pages={54--101},
  year={1977},
  publisher={Elsevier}
}

@article{fintzen2025construction,
      title={Construction of tame supercuspidal representations in arbitrary residue characteristic}, 
      author={Jessica Fintzen and David Schwein},
      year={2025},
      eprint={2501.18553},
      archivePrefix={arXiv},
      primaryClass={math.RT},
      url={https://arxiv.org/abs/2501.18553}, 
}

@article{hakim2008distinguished,
  title={Distinguished tame supercuspidal representations},
  author={Hakim, Jeffrey and Murnaghan, Fiona},
  journal={International Mathematics Research Papers},
  volume={2008},
  pages={rpn005},
  year={2008},
  publisher={Oxford University Press}
}

@article{kaletha2019regular,
  title={Regular supercuspidal representations},
  author={Kaletha, Tasho},
  journal={Journal of the American Mathematical Society},
  volume={32},
  number={4},
  pages={1071--1170},
  year={2019}
}

@article{bruhat1972groupes,
  title={Groupes r{\'e}ductifs sur un corps local: I. Donn{\'e}es radicielles valu{\'e}es},
  author={Bruhat, Fran{\c{c}}ois and Tits, Jacques},
  journal={Publications Math{\'e}matiques de l'IH{\'E}S},
  volume={41},
  pages={5--251},
  year={1972}
}