@article{baez2002octonions,
  title={The octonions},
  author={Baez, John},
  journal={Bulletin of the american mathematical society},
  volume={39},
  number={2},
  pages={145--205},
  year={2002}
}

@article{pollack2020fourier,
  title={THE FOURIER EXPANSION OF MODULAR FORMS ON QUATERNIONIC EXCEPTIONAL GROUPS},
  author={Pollack, Aaron},
  journal={DUKE MATHEMATICAL JOURNAL},
  volume={169},
  number={7},
  year={2020}
}

@article{baez2014g2,
  title={{$G_2$ and the rolling ball}},
  author={Baez, John and Huerta, John},
  journal={Transactions of the American Mathematical Society},
  volume={366},
  number={10},
  pages={5257--5293},
  year={2014}
}

@book{getz2023introduction,
  title={{An Introduction to Automorphic Representations: With a View Toward Trace Formulae}},
  author={Getz, Jayce R and Hahn, Heekyoung},
  volume={300},
  year={2023},
  publisher={Springer Nature}
}

@article{gan2002fourier,
  title={{Fourier coefficients of modular forms on $G_2$}},
  author={Gan, Wee Teck and Gross, Benedict and Savin, Gordon},
  journal={Duke Mathematical Journal},
  volume={115},
  number={1},
  year={2002},
  publisher={Citeseer}
}

@article{asgari2001siegel,
  title={Siegel modular forms and representations},
  author={Asgari, Mahdi and Schmidt, Ralf},
  journal={Manuscripta mathematica},
  volume={104},
  pages={173--200},
  year={2001},
  publisher={Springer}
}

@inproceedings{van2008siegel,
  title={Siegel modular forms and their applications},
  author={van der Geer, Gerard},
  booktitle={The 1-2-3 of modular forms},
  pages={181--245},
  year={2008},
  organization={Springer}
}

@book{gelbart1975automorphic,
  title={Automorphic forms on adele groups},
  author={Gelbart, Stephen S},
  number={83},
  year={1975},
  publisher={Princeton University Press}
}

@book{bump1998automorphic,
  title={Automorphic forms and representations},
  author={Bump, Daniel},
  number={55},
  year={1998},
  publisher={Cambridge university press}
}

@book{pitale2019siegel,
  title={Siegel modular forms: A classical and representation-theoretic approach},
  author={Pitale, Ameya},
  volume={2240},
  year={2019},
  publisher={Springer}
}

@article{gross1996quaternionic,
  title={On quaternionic discrete series representations, and their continuations.},
  author={Gross, Benedict H and Wallach, Nolan R},
  year={1996},
  publisher={Walter de Gruyter, Berlin/New York Berlin, New York}
}

@article{dalal2023counting,
  title={{Counting Discrete, Level-1, Quaternionic Automorphic Representations of $G_2$}},
  author={Dalal, Rahul},
  journal={Journal of the Institute of Mathematics of Jussieu},
  pages={1--31},
  publisher={Cambridge University Press}
}

@article{pollack2022exceptional,
  title={Exceptional theta functions and arithmeticity of modular forms on $G_2$},
  author={Pollack, Aaron},
  journal={arXiv preprint arXiv:2211.05280},
  year={2022}
}

@article{pollack2024computation,
  title={Computation of Fourier coefficients of automorphic forms of type $G_2$},
  author={Pollack, Aaron},
  journal={arXiv preprint arXiv:2401.02922},
  year={2024}
}

@book{delone1964theory,
  title={The theory of irrationalities of the third degree},
  author={Delone, Boris Nikolaevich and Faddeev, Dmitri{\u\i} Konstantinovich},
  volume={10},
  year={1964},
  publisher={American Mathematical Society}
}

@article{bhargava2004higher,
  title={{Higher composition laws II: On cubic analogues of Gauss composition}},
  author={Bhargava, Manjul},
  journal={Annals of mathematics},
  volume={159},
  number={2},
  pages={865--886},
  year={2004},
  publisher={JSTOR}
}

@article{wallach2003generalized,
  title={Generalized Whittaker vectors for holomorphic and quaternionic representations},
  author={Wallach, Nolan R},
  journal={Commentarii Mathematici Helvetici},
  volume={78},
  number={2},
  pages={266--307},
  year={2003}
}

@article{gross1998satake,
  title={On the Satake isomorphism},
  author={Gross, Benedict H},
  journal={London Mathematical Society Lecture Note Series},
  pages={223--238},
  year={1998},
  publisher={Cambridge University Press}
}

@article{jiang1997fourier,
  title={{Fourier coefficients of Eisenstein series of the exceptional group of type $G_2$}},
  author={Jiang, Dihua and Rallis, Stephen},
  journal={pacific journal of mathematics},
  volume={181},
  number={2},
  pages={281--314},
  year={1997},
  publisher={Mathematical Sciences Publishers}
}

@article{leslie2024modular,
  title={Modular forms of half-integral weight on exceptional groups},
  author={Leslie, Spencer and Pollack, Aaron},
  journal={Compositio Mathematica},
  volume={160},
  number={3},
  pages={657--707},
  year={2024},
  publisher={London Mathematical Society}
}

@article{cohen1975sums,
  title={Sums involving the values at negative integers of L-functions of quadratic characters},
  author={Cohen, Henri},
  journal={Mathematische Annalen},
  volume={217},
  pages={271--285},
  year={1975},
  publisher={Springer}
}

@article{weissman2006d,
  title={{$D_4$ modular forms}},
  author={Weissman, Martin H},
  journal={American journal of mathematics},
  volume={128},
  number={4},
  pages={849--898},
  year={2006},
  publisher={Johns Hopkins University Press}
}

@article{bhargava2004higherI,
  title={{Higher composition laws I: A new view on Gauss composition, and quadratic generalizations}},
  author={Bhargava, Manjul},
  journal={Annals of Mathematics},
  volume={159},
  number={1},
  pages={217--250},
  year={2004},
  publisher={JSTOR}
}

@book{lucianovic2003quaternion,
  title={Quaternion rings, ternary quadratic forms, and Fourier coefficients of modular forms on $\mathrm{PGSp}(6)$},
  author={Lucianovic, Mark William},
  year={2003},
  publisher={Harvard University}
}

@article{gross2009cubic,
  title={On cubic rings and quaternion rings},
  author={Gross, Benedict H and Lucianovic, Mark},
  journal={Journal of Number Theory},
  year={2009},
  publisher={Elsevier}
}

@phdthesis{volpato2008some,
  title={Some counting problems in arithmetic},
  author={Volpato, Michael J},
  year={2008},
  school={Princeton University}
}

@phdthesis{kim1992exceptional,
  title={{AN EXCEPTIONAL MODULAR FORM OF WEIGHT 4 ON AN EXCEPTIONAL DOMAIN $\subset \bC^{27}$}},
  author={Kim, Henry Hyeongsin},
  year={1992},
  school={The University of Chicago}
}

@article{loeffler2012computation,
  title={On the computation of local components of a newform},
  author={Loeffler, David and Weinstein, Jared},
  journal={Mathematics of Computation},
  volume={81},
  number={278},
  pages={1179--1200},
  year={2012},
  publisher={JSTOR}
}

@misc{booher,
  title = {Viewing modular forms as automorphic representations},
  author={Jeremy Booher},
  howpublished = {\url{https://www.math.canterbury.ac.nz/~j.booher/expos/adelic_mod_forms.pdf}},
  note = {Accessed: 2024-10-23}
}

@article{diamond2005first,
  title={{A First Course in Modular Forms}},
  author={Diamond, F and Shurman, J},
  journal={Graduate Texts in Mathematics/Springer-Verlag},
  volume={436},
  year={2005}
}

@article{zagier2008elliptic,
  title={Elliptic modular forms and their applications},
  author={Zagier, Don},
  journal={The 1-2-3 of modular forms: Lectures at a summer school in Nordfjordeid, Norway},
  pages={1--103},
  year={2008},
  publisher={Springer}
}

@book{serre2012course,
  title={A course in arithmetic},
  author={Serre, Jean-Pierre},
  volume={7},
  year={2012},
  publisher={Springer Science \& Business Media}
}

@article{cicek2022completed,
  title={{The completed standard L-function of modular forms on $G_2$}},
  author={{\c{C}}i{\c{c}}ek, Fatma and Davidoff, Giuliana and Dijols, Sarah and Hammonds, Trajan and Pollack, Aaron and Roy, Manami},
  journal={Mathematische Zeitschrift},
  volume={302},
  number={1},
  pages={483--517},
  year={2022},
  publisher={Springer}
}

@article{gurevich2015rankin,
  title={{The Rankin--Selberg integral with a non-unique model for the standard}},
  author={Gurevich, Nadya and Segal, Avner},
  journal={Journal of the Institute of Mathematics of Jussieu},
  volume={14},
  number={1},
  pages={149--184},
  year={2015},
  publisher={Cambridge University Press}
}

@article{gross1999commutative,
  title={Commutative subrings of certain non-associative rings},
  author={Gross, Benedict H and Gan, Wee Teck},
  journal={Mathematische Annalen},
  volume={314},
  number={2},
  pages={265--283},
  year={1999},
  publisher={Berlin [etc.] J. Springer [etc.]}
}

@article{gan2000siegel,
  title={{A Siegel-Weil formula for exceptional groups}},
  author={Gan, Wee Teck},
  year={2000},
  publisher={Walter de Gruyter GmbH \& Co. KG Berlin, Germany}
}

@article{sarnak2005notes,
  title={Notes on the generalized Ramanujan conjectures},
  author={Sarnak, Peter},
  journal={Harmonic analysis, the trace formula, and Shimura varieties},
  volume={4},
  pages={659--685},
  year={2005},
  publisher={Citeseer}
}

@inproceedings{borel1979automorphic,
  title={Automorphic forms and automorphic representations},
  author={Borel, Armand and Jacquet, Herv{\'e}},
  booktitle={Automorphic forms, representations and L-functions (Proc. Sympos. Pure Math., Oregon State Univ., Corvallis, Ore., 1977), Part},
  volume={1},
  pages={189--207},
  year={1979}
}

@article{schmid19762,
  title={{$L^2$-cohomology and the discrete series}},
  author={Schmid, Wilfried},
  journal={Annals of Mathematics},
  volume={103},
  number={3},
  pages={375--394},
  year={1976},
  publisher={JSTOR}
}

@incollection{pollack2021modular,
  title={{Modular forms on $G_2$ and their Standard L-Function}},
  author={Pollack, Aaron},
  booktitle={Relative Trace Formulas},
  pages={379--427},
  year={2021},
  publisher={Springer}
}

@article{cogdell2004lectures,
  title={{Lectures on L-functions, converse theorems, and functoriality for $\GL_n$}},
  author={Cogdell, J},
  journal={Lectures on automorphic L-functions},
  volume={20},
  pages={1--96},
  year={2004}
}