@article{beukers1982irrationality,
  title={{Irrationality of $\pi^2$, periods of an elliptic curve and $\Gamma_1(5)$}},
  author={Beukers, Frits},
  journal={Diophantine approximations and transcendental numbers (Luminy, 1982)},
  volume={31},
  pages={47--66},
  year={1982}
}

@article{beukers1987another,
  title={{Another congruence for the Ap{\'e}ry numbers}},
  author={Beukers, Frits},
  journal={Journal of Number Theory},
  volume={25},
  number={2},
  pages={201--210},
  year={1987},
  publisher={Elsevier}
}

@article{beukers1985some,
  title={{Some congruences for the Ap{\'e}ry numbers}},
  author={Beukers, Frits},
  journal={Journal of Number Theory},
  volume={21},
  number={2},
  pages={141--155},
  year={1985},
  publisher={Elsevier}
}

@article {beukers1984family,
    AUTHOR = {Beukers, F. and Peters, C. A. M.},
     TITLE = {A family of {$K3$}\ surfaces and {$\zeta (3)$}},
   JOURNAL = {J. Reine Angew. Math.},
  FJOURNAL = {Journal f\"ur die Reine und Angewandte Mathematik. [Crelle's
              Journal]},
    VOLUME = {351},
      YEAR = {1984},
     PAGES = {42--54},
      ISSN = {0075-4102,1435-5345},
   MRCLASS = {11G25 (11M26 14J28)},
  MRNUMBER = {749676},
MRREVIEWER = {Peter\ F.\ Stiller},
       DOI = {10.1515/crll.1984.351.42},
       URL = {https://doi.org/10.1515/crll.1984.351.42},
}

@article{gessel1982some,
  title={Some Congruences for Apery Numbers.},
  author={Gessel, Ira},
  journal={Journal of Number Theory},
  volume={14},
  number={3},
  pages={362--368},
  year={1982}
}

@article{van1979proof,
  title={{A proof that Euler missed...Ap\'ery's proof of the irrationality of $\zeta(3)$}},
  author={Van der Poorten, Alfred},
  journal={Math. Intelligencer},
  volume={1},
  number={4},
  pages={195--203},
  year={1979}
}

@book{rademacher2012topics,
  title={Topics in analytic number theory},
  author={Rademacher, Hans},
  volume={169},
  year={2012},
  publisher={Springer Science \& Business Media}
}

@article{stienstra1985picard,
  title={{On the Picard-Fuchs equation and the formal Brauer group of certain elliptic $K3$-surfaces}},
  author={Stienstra, Jan and Beukers, Frits},
  journal={Mathematische Annalen},
  volume={271},
  pages={269--304},
  year={1985},
  publisher={Springer}
}

@incollection {weil1977remarks,
    AUTHOR = {Weil, Andr\'e},
     TITLE = {Remarks on {H}ecke's lemma and its use},
 BOOKTITLE = {Algebraic number theory ({K}yoto {I}nternat. {S}ympos., {R}es.
              {I}nst. {M}ath. {S}ci., {U}niv. {K}yoto, {K}yoto, 1976)},
     PAGES = {267--274},
 PUBLISHER = {Japan Soc. Promotion Sci., Tokyo},
      YEAR = {1977},
   MRCLASS = {14K15 (10D15 10D25 12A70)},
  MRNUMBER = {480540},
MRREVIEWER = {Neal\ Koblitz},
}