@inproceedings{duflo1971formule,
  title={{Sur la formule des traces de Selberg}},
  author={Duflo, Michel and Labesse, Jean-Pierre},
  booktitle={Annales scientifiques de l'{\'E}cole Normale Sup{\'e}rieure},
  volume={4},
  number={2},
  pages={193--284},
  year={1971}
}

@article{godement1964analyse,
  title={Analyse spectrale des fonctions modulaires},
  author={Godement, Roger},
  journal={S{\'e}minaire Bourbaki},
  volume={9},
  pages={15--40},
  year={1964},
  publisher={Soci{\'e}t{\'e} Math{\'e}matique de France}
}

@article{jacquet1970automorphic,
  title={{Automorphic Forms on $\GL(2)$}},
  author={Jacquet, H and Langlands, RP},
  journal={Lecture Notes in Mathematics},
  volume={114},
  year={1970},
  publisher={Springer Berlin Heidelberg}
}

@article{gelfand1966,
  title={{Representation theory and automorphic functions (Russian)}},
  author={Gelfand, Izrail Moiseevich and Graev, Mark Iosifovich and Piatetski-Shapiro, Ilya},
  year={1966}
}

@article{shalika1969explicit,
  title={On an explicit construction of a certain class of automorphic forms},
  author={Shalika, JA and Tanaka, S},
  journal={American Journal of Mathematics},
  volume={91},
  number={4},
  pages={1049--1076},
  year={1969},
  publisher={JSTOR}
}