@misc{unitaryequiv,
  title        = {Similarity about unitary matrices},
  author       = {Mateusz Wasilewski (https://mathoverflow.net/users/24953/mateusz-wasilewski)},
  howpublished = {MathOverflow},
  note         = {URL:https://mathoverflow.net/q/107757 (version: 2012-09-21)},
  eprint       = {https://mathoverflow.net/q/107757},
  url          = {https://mathoverflow.net/q/107757}
}