@book{rosen2013number,
  title={Number theory in function fields},
  author={Rosen, Michael},
  volume={210},
  year={2013},
  publisher={Springer Science \& Business Media}
}

@misc{conrad_rec_odd,
  title = {Quadratic reciprocity in odd characteristic},
  author={Conrad, Keith},
  howpublished = {\url{https://kconrad.math.uconn.edu/blurbs/ugradnumthy/QRcharp.pdf}},
  note = {Accessed: 2025-06-05}
}

@misc{conrad_rec_2,
  title = {Quadratic reciprocity in characteristic 2},
  author={Conrad, Keith},
  howpublished = {\url{https://kconrad.math.uconn.edu/blurbs/ugradnumthy/QRchar2.pdf}},
  note = {Accessed: 2025-06-05}
}
@misc{lemmermeyer_qr,
  title = {{Proofs of the Quadratic Reciprocity Law}},
  author={Lemmermeyer, Franz},
  howpublished = {\url{https://web.archive.org/web/20250106010310/https://www.mathi.uni-heidelberg.de/%7Eflemmermeyer/qrg_proofs.html}},
  note = {Accessed: 2025-06-05}
}

@book{baumgart2015quadratic,
  title={The quadratic reciprocity law: A collection of classical proofs},
  author={Baumgart, Oswald},
  year={2015},
  publisher={Birkh{\"a}user}
}

@book{serre2012course,
  title={A course in arithmetic},
  author={Serre, Jean-Pierre},
  volume={7},
  year={2012},
  publisher={Springer Science \& Business Media}
}