@article{malliavin1978factorisations,
  title={Factorisations de fonctions et de vecteurs indefiniment differentiables},
  author={Malliavin, P and Dixmier, J},
  journal={Bull. Sci. Math},
  volume={102},
  number={2},
  pages={305--330},
  year={1978}
}

@book{jacquet2006automorphic,
  title={Automorphic Forms on $\GL(2)$},
  author={Jacquet, Herv{\'e} and Langlands, Robert P},
  volume={114},
  year={1970},
  publisher={Springer}
}


@book{langlands1980base,
  title={Base change for $\GL(2)$},
  author={Langlands, Robert P},
  number={96},
  year={1980},
  publisher={Princeton University Press}
}

@article{waldspurger1980correspondances,
  title={Correspondances de Shimura},
  author={Waldspurger, J-L},
  year={1980}
}

@article{waldspurger1991correspondances,
  title={Correspondances de Shimura et quaternions},
  author={Waldspurger, J-L},
  year={1991},
  publisher={Walter de Gruyter, Berlin/New York Berlin, New York}
}

@article{waldspurger1985valeurs,
  title={Sur les valeurs de certaines fonctions $ L $ automorphes en leur centre de sym{\'e}trie},
  author={Waldspurger, J-L},
  journal={Compositio Mathematica},
  volume={54},
  number={2},
  pages={173--242},
  year={1985}
}

