@incollection{bost1992introduction,
  title     = {Introduction to compact Riemann surfaces, Jacobians, and abelian varieties},
  author    = {Bost, Jean-Beno{\^\i}t},
  booktitle = {From number theory to physics},
  pages     = {64--211},
  year      = {1992},
  publisher = {Springer}
}